<?xml version="1.0" encoding="UTF-8"?><collection><record><leader>06540ntm a22006252a 4500</leader><controlfield tag="001">006821932</controlfield><controlfield tag="003">MiAaHDL</controlfield><controlfield tag="005">20190719000000.0</controlfield><controlfield tag="006">m        d        </controlfield><controlfield tag="007">cr bn ---auaua</controlfield><controlfield tag="008">090623s17uu    xx            00| ||ota d</controlfield><datafield tag="035" ind1=" " ind2=" "><subfield code="a">(MiU)006821932</subfield></datafield><datafield tag="035" ind1=" " ind2=" "><subfield code="a">sdr-miu006821932</subfield></datafield><datafield tag="040" ind1=" " ind2=" "><subfield code="a">MiU</subfield><subfield code="c">MiU</subfield><subfield code="e">amremm</subfield></datafield><datafield tag="041" ind1="1" ind2=" "><subfield code="a">ota</subfield><subfield code="h">ara</subfield></datafield><datafield tag="043" ind1=" " ind2=" "><subfield code="a">n-us-mi</subfield></datafield><datafield tag="100" ind1="0" ind2=" "><subfield code="6">880-01</subfield><subfield code="a">Ahmet İshak Hocası,</subfield><subfield code="d">-1708.</subfield></datafield><datafield tag="245" ind1="1" ind2="0"><subfield code="6">880-03</subfield><subfield code="a">Akvemü’l-vesail fi tercümetü’ş-Şemail,</subfield><subfield code="f">[18th century].</subfield></datafield><datafield tag="246" ind1="3" ind2=" "><subfield code="a">Ekvamül-Vesâil fî Tercemetiş-Şemâil</subfield></datafield><datafield tag="246" ind1="3" ind2=" "><subfield code="a">Akvem ül-vesail</subfield></datafield><datafield tag="246" ind1="3" ind2=" "><subfield code="a">Aqwam al-wasāʼil fī tarjamat al-Shamāʼil</subfield></datafield><datafield tag="246" ind1="3" ind2=" "><subfield code="a">Akvemü'l-vesail fi tercemeti'ş-şemail</subfield></datafield><datafield tag="246" ind1="3" ind2=" "><subfield code="i">Title from inscription on opening leaf (p.1):</subfield><subfield code="a">شمائل شريف ترجمه</subfield></datafield><datafield tag="246" ind1="3" ind2=" "><subfield code="i">Edge title (head):</subfield><subfield code="a">شمايل شرحي</subfield></datafield><datafield tag="260" ind1=" " ind2=" "><subfield code="c">[17--].</subfield></datafield><datafield tag="300" ind1=" " ind2=" "><subfield code="a">698 leaves :</subfield><subfield code="b">paper ;</subfield><subfield code="c">215 x 140 (160 x 60) mm.</subfield></datafield><datafield tag="500" ind1=" " ind2=" "><subfield code="a">Shelfmark: Ann Arbor, University of Michigan, Special Collections Library, Isl. Ms. 379</subfield></datafield><datafield tag="500" ind1=" " ind2=" "><subfield code="a">Origin: As appears in colophon on p.1391, copied by Muḥammad ibn Khalīl (Mehmet b. Halil) ; date of transcription not specified ; paper suggests 18th century (perhaps mid century).</subfield></datafield><datafield tag="500" ind1=" " ind2=" "><subfield code="a">Accompanying materials: a. Slip of wove paper with notes in black ink (between pp.230-321) -- b. Slip of laid paper with notes in black ink (between pp.726-727).</subfield></datafield><datafield tag="500" ind1=" " ind2=" "><subfield code="a">Former shelfmark: "340 T. De M. [i.e. Tammaro De Marinis]" inscribed in pencil on verso of opening leaf (p.2) ; "٣٢ع | ٤خ" on spine label.</subfield></datafield><datafield tag="500" ind1=" " ind2=" "><subfield code="a">Binding: Pasteboards covered in gold-flecked red leather ; Type II binding (with flap) ; board linings in untinted laid paper ; upper and lower covers carry blind-stamped (with orange paper onlay) and gold-painted mandorla filled with vegetal composition (compare Déroche class. NA 4), surrounded by a tooled border consisting of an s-shape stamped chain in gold flanked by thin gold fillets ; sewn in pink thread, two stations ; worked endbands in pink and yellow thread in a chevron pattern ; overall in fair condition with fore edge flap lost, repairs to spine and fore edge of lower board in a darker red leather, and abrasion on upper and lower covers.</subfield></datafield><datafield tag="500" ind1=" " ind2=" "><subfield code="a">Support: European laid paper of several types ; one opening type with roughly 12 laid lines per cm. (vertical), chain lines (horizontal) spaced roughly 12 mm. apart, and watermark of grapes surmounted by a crown (see p.32) ; another with roughly 13 laid lines per cm. (vertical), chain lines (horizontal) spaced roughly 25 mm. apart, and watermark of "?AHE?NE" and figure (see p.46) ; another with roughly 10 laid lines per cm. (vertical), chain lines (horizontal) spaced roughly 25 mm. apart, and watermark of grapes surmounted by a crown with a heart motif (see p.136) ; another with roughly 8 laid lines per cm. (vertical), chain lines (horizontal) spaced roughly 21 mm. apart, watermark of grapes (see p.578) ; another with roughly 9 laid lines per cm. (vertical), chain lines (horizontal) spaced roughly 24 mm. apart, and watermark of LANGUEDOC (see p.592) ; all well-burnished, thin and crisp.</subfield></datafield><datafield tag="500" ind1=" " ind2=" "><subfield code="a">Decoration: Illuminated headpiece (ʻunwān / sarlawḥ) at opening on p.10 consisting of rectangular piece with emtpy gold cartouche outlined in orange and flanked by floral vegetal accents in gold, light pink, and pale blue, surmounted by a scalloped semicircular piece (dome) outlined in orange and filled with floral vegetal accents in blue, pale blue, light pink, orange, and white, itself surmounted by delicate vertical stalks (tīgh) in blue, and set in a well consisting of a thick band of light pink ; written area throughout surrounded by a thick gold frame with outer black rule ; Qurʼānic passages rubricated in a range of red shades ; overlining in red ink.</subfield></datafield><datafield tag="500" ind1=" " ind2=" "><subfield code="a">Script: Nastaʻlīq (talik) ; elegant Ottoman hand in a medium to bold line ; serifless, with effect of words descending to baseline, closed counters, and elongated horizontal strokes.</subfield></datafield><datafield tag="500" ind1=" " ind2=" "><subfield code="a">Layout: Written in 21 lines per page ; frame-ruled.</subfield></datafield><datafield tag="500" ind1=" " ind2=" "><subfield code="a">Collation: II (4), 169 V (694), II (698) ; chiefly quinions ; final two leaves (following close of text) left blank ; foliation in Hindu-Arabic numerals ; oblique catchwords on the verso of each leaf ; pagination in pencil, Western numerals, supplied during cataloguing.</subfield></datafield><datafield tag="500" ind1=" " ind2=" "><subfield code="a">Colophon: "Scribal," triangular, reads "كتبه اضعف العباد محمد بن حليل م"</subfield></datafield><datafield tag="500" ind1=" " ind2=" "><subfield code="a">Explicit: "ومراه يي ضلعه تشبيه بيورديلر صلى الله على سيدنا محمد واله و صحبه اجمعين و الحمد الله حمدا يوافي نعمه ويكافي مزيده كلما حمده الحامدون و ذكره الذاكرون تمت بعون الحق"</subfield></datafield><datafield tag="500" ind1=" " ind2=" "><subfield code="a">Incipit: "ان احسن الاحاديث بعد الحمد لمن جعل السقف الاخضر مرفوعا ... وبعد بو كمينۀ كم بضاعه وفقير قصير الباعه ... لمؤلفه احمدم ... واقوم الوسائل في ترجمة الشمائل ديو نام زد قيلدم ... "</subfield></datafield><datafield tag="500" ind1=" " ind2=" "><subfield code="a">Title from opening matter on p.14.</subfield></datafield><datafield tag="500" ind1=" " ind2=" "><subfield code="a">Ms. codex.</subfield></datafield><datafield tag="510" ind1="4" ind2=" "><subfield code="a">Brockelmann, C. GAL,</subfield><subfield code="c">I 162</subfield></datafield><datafield tag="510" ind1="4" ind2=" "><subfield code="a">Sezgin, F. GAS,</subfield><subfield code="c">i 159 (27)</subfield></datafield><datafield tag="520" ind1="8" ind2=" "><subfield code="a">Elegant copy of the extensive Ottoman Turkish rendering (with commentary) by İshak Hocası Ahmet b. Heyreddin (d.1708) of al-Tirmidhī’s (d.892) Kitāb al-Shamāʼil, a collection of traditions comprising the Prophet’s characteristics. Descriptive contributions from Nick Krabbenhoeft.</subfield></datafield><datafield tag="538" ind1=" " ind2=" "><subfield code="a">Mode of access: Internet.</subfield></datafield><datafield tag="541" ind1=" " ind2=" "><subfield code="c">Purchase ;</subfield><subfield code="a">Acquired by purchase (funds donated by Horace Rackham).</subfield><subfield code="d">1924.</subfield></datafield><datafield tag="546" ind1=" " ind2=" "><subfield code="a">Ottoman Turkish.</subfield></datafield><datafield tag="561" ind1=" " ind2=" "><subfield code="a">Occasional corrections.</subfield></datafield><datafield tag="600" ind1="0" ind2="0"><subfield code="a">Muḥammad,</subfield><subfield code="c">Prophet,</subfield><subfield code="d">-632</subfield><subfield code="v">Biography</subfield><subfield code="v">Early works to 1800.</subfield></datafield><datafield tag="600" ind1="1" ind2="0"><subfield code="a">Tirmidhī, Muḥammad ibn ʻĪsá,</subfield><subfield code="d">-892.</subfield><subfield code="t">Shamāʼil.</subfield></datafield><datafield tag="650" ind1=" " ind2="0"><subfield code="a">Manuscripts, Turkish</subfield><subfield code="z">Michigan</subfield><subfield code="z">Ann Arbor.</subfield></datafield><datafield tag="650" ind1=" " ind2="0"><subfield code="a">Hadith</subfield><subfield code="x">Criticism, interpretation, etc.</subfield><subfield code="v">Early works to 1800.</subfield></datafield><datafield tag="700" ind1="0" ind2=" "><subfield code="6">880-07</subfield><subfield code="a">Mehmet bin Halil,</subfield><subfield code="d">flourished 18th century?,</subfield><subfield code="e">scribe.</subfield></datafield><datafield tag="700" ind1="0" ind2=" "><subfield code="a">Abdülhamid</subfield><subfield code="b">II,</subfield><subfield code="c">Sultan of the Turks,</subfield><subfield code="d">1842-1918,</subfield><subfield code="e">former owner.</subfield></datafield><datafield tag="773" ind1="0" ind2=" "><subfield code="a">Abdul Hamid Collection.</subfield></datafield><datafield tag="880" ind1="0" ind2=" "><subfield code="6">700-07/</subfield><subfield code="a">محمد بن خليل،</subfield><subfield code="e">ناسخ.</subfield></datafield><datafield tag="880" ind1="1" ind2="0"><subfield code="6">245-03/</subfield><subfield code="a">اقوم الوسائل فى ترجمة الشمائل,</subfield><subfield code="f">[اواخر القرن 18م].</subfield></datafield><datafield tag="880" ind1="1" ind2=" "><subfield code="6">100-01/</subfield><subfield code="a">احمد اسحق خواجه سى.</subfield></datafield><datafield tag="CID" ind1=" " ind2=" "><subfield code="a">006821932</subfield></datafield><datafield tag="DAT" ind1="0" ind2=" "><subfield code="a">20190719102640.0</subfield><subfield code="b">20190719000000.0</subfield></datafield><datafield tag="DAT" ind1="1" ind2=" "><subfield code="a">20190719090653.0</subfield><subfield code="b">2019-07-19T16:12:05Z</subfield></datafield><datafield tag="DAT" ind1="2" ind2=" "><subfield code="a">2015-10-02T18:00:03Z</subfield></datafield><datafield tag="CAT" ind1=" " ind2=" "><subfield code="a">SDR-MIU</subfield><subfield code="d">EX LIBRIS - ALEPH</subfield><subfield code="l">prepare.pl-004-008</subfield></datafield><datafield tag="FMT" ind1=" " ind2=" "><subfield code="a">BK</subfield></datafield><datafield tag="HOL" ind1=" " ind2=" "><subfield code="0">sdr-miu006821932</subfield><subfield code="a">MiU</subfield><subfield code="b">SDR</subfield><subfield code="c">MIU</subfield><subfield code="p">mdp.39015079130467</subfield><subfield code="s">MIU</subfield><subfield code="1">006821932</subfield></datafield><datafield tag="974" ind1=" " ind2=" "><subfield code="b">MIU</subfield><subfield code="c">MIU</subfield><subfield code="d">20190719</subfield><subfield code="s">lit-dlps-dc</subfield><subfield code="u">mdp.39015079130467</subfield><subfield code="y">1799</subfield><subfield code="r">pd</subfield><subfield code="q">bib</subfield><subfield code="t">non-US bib date1 &lt; 1879</subfield></datafield></record></collection>